@MISC{Angmo_seleniumtool,
    author = {Ms. Rigzin Angmo and Mrs Monika Sharma},
    title = {Selenium Tool: A Web based Automation Testing Framework},
    year = {}
}